@online{FAOSTAT_EggplantProduction,
  author       = {{Food and Agriculture Organization of the United Nations (FAO)}},
  title        = {{FAOSTAT: Production (Crops and livestock products) - Eggplants (aubergines)}},
  year         = {2025},
  url          = {https://www.fao.org/faostat/en/#data/QCL},
  organization = {FAO},
  note         = {Data retrieved for item 'Eggplants (aubergines)'}
}

@online{PSA_Eggplant_2023,
  author       = {{Philippine Statistics Authority}},
  title        = {{Major vegetables and root crops quarterly bulletin, April-June 2023: Eggplant}},
  year         = {2023},
  date         = {2023-09},
  url          = {https://psa.gov.ph/vegetable-root-crops/eggplant},
  urldate      = {2025-10-18},
  organization = {Philippine Statistics Authority},
  note         = {Bulletin published in September 2023}
}

@article{sun2025novel,
  title={A novel efficient eggplant disease detection method with multi-scale learning and edge feature enhancement},
  author={Sun, Hao and Fu, Rui and Kang, Dae-Ki},
  journal={Frontiers in Plant Science},
  volume={16},
  pages={1666955},
  year={2025},
  publisher={Frontiers}
}

@article{lyu2025agronomic,
  title={Agronomic and Quality Traits of 30 Eggplant Germplasm Resources from China},
  author={Lyu, Jian and Jin, Li and Ma, Xianglan and Li, Yansu and Sun, Mintao and Jin, Ning and Wang, Shuya and Hu, Linli and Yu, Jihua},
  journal={Plants},
  volume={14},
  number={12},
  pages={1838},
  year={2025},
  publisher={MDPI}
}

@article{lalam2025automatic,
  title={Automatic sorting and grading of fruits based on maturity and size using machine vision and artificial intelligence},
  author={Lalam, Rupa and Lavanya, K and Nadella, Vinoda and Kiran, B Raj},
  journal={Journal of Scientific Research and Reports},
  volume={31},
  number={1},
  pages={153--163},
  year={2025}
}

@article{Khan2025UsingCV,
  author    = {Khan, Zaiba and Rawat, Shivam and Kumar, Satyendra and Sharma, Atul},
  title     = {{Using computer vision for automated grading and sorting of fruits and vegetables}},
  journal   = {International Journal of Agriculture and Food Science},
  volume    = {7},
  issue     = {8},
  pages     = {1056--1065},
  year      = {2025},
  doi       = {10.33545/2664844X.2025.v7.i8j.674},
  issn      = {2664-844X (Print) / 2664-8458 (Online)},
  url       = {www.agriculturaljournals.com},
  urldate   = {2025-10-23} 
}

@article{Waghmare2025Comprehensive,
  author    = {Waghmare, Diksha and Mulani, Alisha and Takale, S. R. and Godase, Vaibhav and Mulani, Altaf},
  title     = {{A Comprehensive Review on Automatic Fruit Sorting and Grading Techniques with Emphasis on Weight-based Classification}},
  journal   = {Research \& Review: Electronics and Communication Engineering},
  volume    = {2},
  issue     = {3},
  pages     = {1--10},
  year      = {2025},
  month     = {oct},
  issn      = {3048-7102 (e-ISSN) / 3107-4847 (p-ISSN)},
  url       = {https://www.researchgate.net/publication/396186047},
  urldate   = {2025-10-23}
}

@book{szeliski2022computer,
  title={Computer vision: algorithms and applications},
  author={Szeliski, Richard},
  year={2022},
  publisher={Springer Nature}
}

@book{dougherty2020digital,
  title={Digital image processing methods},
  author={Dougherty, Edward R},
  year={2020},
  publisher={CRC Press}
}

@inproceedings{kumar2020comparative,
  title={Comparative analysis of gaussian filter, median filter and denoise autoenocoder},
  author={Kumar, Arvind and Sodhi, Sartaj Singh},
  booktitle={2020 7th international conference on computing for sustainable global development (INDIACom)},
  pages={45--51},
  year={2020},
  organization={IEEE}
}

@article{khan2024intelligent,
  title={An intelligent and fast system for detection of grape diseases in RGB, grayscale, YCbCr, HSV and L* a* b* color spaces},
  author={Khan, Murtaza Ali and AlGhamdi, Mohammed A},
  journal={Multimedia Tools and Applications},
  volume={83},
  number={17},
  pages={50381--50399},
  year={2024},
  publisher={Springer}
}

@article{haralick2007textural,
  title={Textural features for image classification},
  author={Haralick, Robert M and Shanmugam, Karthikeyan and Dinstein, Its' Hak},
  journal={IEEE Transactions on systems, man, and cybernetics},
  number={6},
  pages={610--621},
  year={2007},
  publisher={IEEE}
}

@article{ojala2002multiresolution,
  title={Multiresolution gray-scale and rotation invariant texture classification with local binary patterns},
  author={Ojala, Timo and Pietikainen, Matti and Maenpaa, Topi},
  journal={IEEE Transactions on pattern analysis and machine intelligence},
  volume={24},
  number={7},
  pages={971--987},
  year={2002},
  publisher={IEEE}
}

@article{lecun2015deep,
  title={Deep learning},
  author={LeCun, Yann and Bengio, Yoshua and Hinton, Geoffrey},
  journal={nature},
  volume={521},
  number={7553},
  pages={436--444},
  year={2015},
  publisher={Nature Publishing Group UK London}
}

@book{goodfellow2016deep,
  title={Deep learning},
  author={Goodfellow, Ian and Bengio, Yoshua and Courville, Aaron and Bengio, Yoshua},
  volume={1},
  number={2},
  year={2016},
  publisher={MIT press Cambridge}
}

@article{hearst1998support,
  title={Support vector machines},
  author={Hearst, Marti A. and Dumais, Susan T and Osuna, Edgar and Platt, John and Scholkopf, Bernhard},
  journal={IEEE Intelligent Systems and their applications},
  volume={13},
  number={4},
  pages={18--28},
  year={1998},
  publisher={IEEE}
}

@article{breiman2001random,
  title={Random forests},
  author={Breiman, Leo},
  journal={Machine learning},
  volume={45},
  number={1},
  pages={5--32},
  year={2001},
  publisher={Springer}
}

@article{bharman2022deep,
  title={Deep learning in agriculture: a review},
  author={Bharman, Pallab and Saad, S Ahmad and Khan, Sajib and Jahan, Israt and Ray, Milon and Biswas, Milon},
  journal={Asian Journal of Research in Computer Science},
  volume={13},
  number={2},
  pages={28--47},
  year={2022}
}

@standard{PNSBAFPS522007_Eggplant,
  author      = {{BAFPS}},
  title       = {{PNS/BAFPS 52:2007 Fresh vegetables - Eggplant - Grading and Classification}},
  type        = {Philippine National Standard},
  year        = {2007},
  institution = {Department of Agriculture},
  address     = {Quezon City, Philippines},
  note        = {As cited in Pinakbet Adventures ni Pina: Komik Serye },
  url         = {www.bafs.da.gov.ph}
}

@standard{USDA2013EggplantStandards,
  author      = {{USDA}},
  title       = {{United States Standards for Grades of Eggplant, $\S51.2190$ to $\S51.2207$}},
  type        = {Federal Standard},
  year        = {2013},
  institution = {Agricultural Marketing Service (AMS), Fruit and Vegetable Program},
  address     = {Washington, D.C.},
  edition     = {Effective February 4, 2013},
  note        = {Supersedes third issue effective October 29, 1953.}
}

@booklet{BAFS2019PhilGAP,
  author      = {{PNS}},
  title       = {{Philippine National Standard on Good Agricultural Practices (PNS-GAP): "Gabay para sa ligtas na pagkain"}},
  year        = {2019},
  type        = {Comic Booklet},
  institution = {Department of Agriculture},
  address     = {Diliman, Quezon City, Philippines},
  isbn        = {978-621-455-003-6 (Online)},
  note        = {Story by Mandigma, M. G. R., and Tecson, J. V. D. R.; Arts and Graphics by Reyes, A. V.}
}

@article{mchugh2012interrater,
  title={Interrater reliability: the kappa statistic},
  author={McHugh, Mary L},
  journal={Biochemia medica},
  volume={22},
  number={3},
  pages={276--282},
  year={2012},
  publisher={Hrvatsko dru{\v{s}}tvo za medicinsku biokemiju i laboratorijsku medicinu}
}

@inproceedings{he2022cohens,
author = {He, Matt and Baker, Ryan and Hutt, Stephen and Zhang, Jiayi},
year = {2022},
month = {10},
pages = {},
title = {A Less Overconservative Method for Reliability Estimation for Cohen's Kappa}
}

@book{bolton2015programmable,
  title={Programmable logic controllers},
  author={Bolton, William},
  year={2015},
  publisher={Newnes}
}

@inproceedings{lee2008cyber,
  title={Cyber physical systems: Design challenges},
  author={Lee, Edward A},
  booktitle={2008 11th IEEE international symposium on object and component-oriented real-time distributed computing (ISORC)},
  pages={363--369},
  year={2008},
  organization={IEEE}
}

@article{zhang2022advancements,
  title={Advancements in industrial cyber-physical systems: An overview and perspectives},
  author={Zhang, Kunwu and Shi, Yang and Karnouskos, Stamatis and Sauter, Thilo and Fang, Huazhen and Colombo, Armando Walter},
  journal={IEEE Transactions on Industrial Informatics},
  volume={19},
  number={1},
  pages={716--729},
  year={2022},
  publisher={IEEE}
}